


@Book{CASS99,
author = {CASSANDRAS, C.G and LAFORTUNE, S.},
title = {Introduction to Discrete Event Systems},
publisher = {Kluwer Academic Publishers},
year = {1999},

}

@Article{CURY01,
author = {CURY, J. E. R},
title = {Teoria de Controle Supervisório de Sistemas a Eventos Discretos},
journal = {V Simpósio Brasileiro de Automação Inteligente},
year = {2001},
address = {Canela-RS},
}

@InProceedings{RW89,
   author = {P. J. RAMADGE and W. M. WONHAM},
   title = {The Control of Discrete Events System},
   booktitle = {Proceedings of the IEEE},
   pages = {81-98},
   year = {1989},
   volume = {77},
   number = {1},
   url = {https://ieeexplore.ieee.org/document/21072/},
}

@MastersThesis{JC08,
author = {J. L. Curzel},
title = {Síntese e Implementação de Controle Supervisório em uma Célula Flexível de Manufatura Didática},
school = {UDESC},
address     =     {Joinville - SC},
year = {2008},

}


@MastersThesis{DC11,
author = {CRUZ, Diogo L L},
title = {{Metodologia para Implementação de Controle Supervisório
Modular Local em Controladores Lógicos Programáveis}},
school = {Universidade do Estado de Santa Catarina},
address     =     {Joinville - SC},
year = {2011},

}



@MastersThesis{PJ09,
author = {POSSAN Jr., Moacyr Carlos},
title = {{Modelagem e Implementação de Sistemas de Controle Supervisório Baseados em
Máquinas de Estados com Saídas}},
school = {UDESC},
address     =     {Joinville - SC},
year = {2009},

}

@InProceedings{FH98,
   author  ={FABIAN, M. and HELLGREN, A.}, 
  booktitle ={37th IEEE Conference on Decision and Control}, 
   volume  =3, 
   pages   ={3305 - 3310},
   year    =1998,
   title   ={\textsc{PLC}-based implementation of supervisory control for
discrete event systems}
}  

@Misc{IEC03,

author = {IEC},
title = {International Standard IEC 61131-3: Programmable Logic Controllers - Part 3:
Programming Languages},
year = {2003},
}

@PhdThesis{VI07,
author = {VIEIRA, A. D.},
title = {Método de Implementação do Controle de Sistemas a Eventos
Discretos com Aplicação da Teoria de Controle Supervisório},
school = {Centro Tecnológico, Universidade Federal de Santa Catarina},
year = {2007},
address = {Florianópolis},
}

@Book{CL89,
author = {Carroll, J. and LONG, D.},
title = {Theory of finite automata with an introduction to formal languages},
publisher = {Prentice Hall International Editions},
year = {1989},
city = {City}

}

@book{LU06,
  title={{Lua 5.1 Reference Manual.}},
  author={IERUSALIMSCHY, R. and de FIGUEIREDO, L.H. and CELES, W.},
  year={2006},
  publisher={Roberto Ierusalimschy},
  address = {PUC - Rio},
}


@Article{lopes2012_mosim,
author = {Yuri Kazubowski LOPES and André Bittencourt Leal and Roberto S. U. Rosso Jr. and Eduardo Harbs}, 
title = {Local Modular Supervisory Implementation in Microcontroller},
journal = {9$^{th}$ International Conference of Modeling, Optimization and Simulation - MOSIM'12},
year = {2012},
}

@Article{lopes2011,
author = {LOPES, Y. K. and  HARBS, E. and LEAL, A. B. and ROSSO Jr., R. S. U.},
title = {PROPOSTA DE IMPLEMENTAçãO DE CONTROLE SUPERVISóRIO EM
MICROCONTROLADORES},
journal = {X Simpósio Brasileiro de Automacão Inteligente - SBAI 2011},
year = {2011},
}

@Misc{SCHN,
OPTkey = {?},
author = {Schneider},
title = {Unity Pro: Program Languages and Structure Reference Manual},
howpublished = {{www.schneider-electric.com/}},
OPTmonth = {?},
year = {2011},
note = {Acessado em 02/2012},
OPTannote = {?}
}




@Article{rudie06,
author = {RUDIE, K.},
title = {The Integrated Discrete-Event Systems Tool},
journal = {8th Workshop on Discrete Event Systems (WODES 2006)},
OPTcrossref = {?},
OPTkey = {?},
pages = {394-395},
year = {2006},
OPTeditor = {?},
OPTvolume = {?},
OPTnumber = {?},
OPTseries = {?},
address = {Ann Arbor},
OPTmonth = {?},
OPTorganization = {?},
OPTpublisher = {?},
OPTnote = {?},
OPTannote = {?}
}

@Article{feng06,
author = {FENG, L. and WONHAM, W. M.},
title = {TCT: A Computation Tool for Supervisory Control Synthesis},
journal = {8th Workshop on Discrete Event Systems (WODES)},
OPTcrossref = {?},
OPTkey = {?},
pages = {388-389},
year = {2006},
OPTeditor = {?},
OPTvolume = {?},
OPTnumber = {?},
OPTseries = {?},
address = {Ann Arbor},
OPTmonth = {?},
OPTorganization = {?},
OPTpublisher = {?},
OPTnote = {?},
OPTannote = {?}
}


@Article{QueCury00,
author = {Max Hering de Queiroz and CURY, J.E.R.},
title = {Modular supervisory control of large scale discrete event systems},
journal = {Proceedings of the 5th International Workshop on Discrete Event
Systems: Analysis and Control},
OPTcrossref = {?},
OPTkey = {?},
pages = {103-110},
year = {2000},
OPTeditor = {?},
OPTvolume = {?},
OPTnumber = {?},
OPTseries = {?},
address = {Ghent, Belgium: Kluwer Academic Publishers},
OPTmonth = {?},
OPTorganization = {?},
OPTpublisher = {?},
OPTnote = {?},
OPTannote = {?}
}


@MastersThesis{Hermann10,
author = {HERMANN JUNIOR FINKE},
title = {CONTROLE NUME?RICO COMPUTADORIZADO ADERENTE A?S NORMAS STEP-NC E IEC 61499},
school = {UDESC},
year = {2010},
OPTkey = {?},
OPTtype = {?},
OPTaddress = {JOINVILLE-SC},
OPTmonth = {?},
OPTnote = {?},
OPTannote = {?}
}



@Article{RW87,
author = {P. J. RAMADGE and W. M. WONHAM},
title = {Supervisory control of a class of discrete event process},
journal = {SIAM Journal of Control and Optimization},
year = {1987},
OPTkey = {?},
volume = {25},
number = {1},
pages = {206-230},
OPTmonth = {?},
OPTnote = {?},
OPTannote = {?}
}

@MastersThesis{MQ00,
author = {Max Hering de Queiroz},
title = {Controle Supervisório Modular de Sistemas de Grande Porte},
school = {Universidade Federal do Estado de Santa Catarina},
year = {2000},
OPTkey = {?},
OPTtype = {?},
OPTaddress = {?},
OPTmonth = {?},
OPTnote = {?},
OPTannote = {?}
}


@MastersThesis{lopes2012dissertacao,
 title = {Integração dos Níveis MES, SCADA e Controle da Planta de Manufatura com Base na Teoria de Linguagens e Autômatos},
 author = {Yuri Kaszubowski Lopes},
 school = {Universidade do Estado de Santa Catarina},
 type = {Mestrado em Engenharia Elétrica},
 year = {2012},
 address = {Joinville, SC},
 pages = {163},
 pagename={f.},
}

@PhdThesis{MQ04,
author = {MAX HERING de QUEIROZ},
title = {Controle Supervisório Modular e Multitarefa de Sistemas Compostos},
school = {Universidade Federal de Santa Catarina},
year = {2004},
OPTkey = {?},
OPTtype = {?},
address = {Florianópolis},
month = {Maio},
OPTnote = {?},
OPTannote = {?}
}




@InProceedings{QC02,
author = {Max H. de Queiroz and Jose? E. R. Cury},
title = {Synthesis and Implementation of Local Modular Supervisory Control for a Manufacturing Cell},
booktitle = {6th Workshop on Discrete Event Systems - WODES},
OPTcrossref = {?},
OPTkey = {?},
OPTpages = {?},
year = {2002},
OPTeditor = {?},
OPTvolume = {?},
OPTnumber = {?},
OPTseries = {?},
OPTaddress = {?},
OPTmonth = {?},
OPTorganization = {?},
OPTpublisher = {?},
OPTnote = {?},
OPTannote = {?}
}

@InProceedings{Malik02,
author = {Petra Malik},
title = {Generating controllers from discrete-event models},
booktitle = {In F. Cassez, C. Jard, F. Laroussinie, and M. D. Ryan, editors, Proc. of MOVEP 2002},
OPTcrossref = {?},
OPTkey = {?},
OPTpages = {?},
year = {2002},
OPTeditor = {?},
OPTvolume = {?},
OPTnumber = {?},
OPTseries = {?},
OPTaddress = {?},
OPTmonth = {?},
OPTorganization = {?},
OPTpublisher = {?},
OPTnote = {?},
OPTannote = {?}
}

@Misc{SCHN12,
OPTkey = {?},
author = {Schneider},
title = {Schneider Website},
howpublished = {\\ {http://www.schneider-electric.com/site/home/index.cfm/br/}},
OPTmonth = {?},
year = {2012},
note = {Acessado em 08/2012},
OPTannote = {?}
}
